<record><leader>00000cas a22000007a 4500</leader><controlfield tag="001">15308291</controlfield><controlfield tag="008">870312d18uu1983iauwr ne      0    0eng d</controlfield><datafield ind1=" " ind2=" " tag="010"><subfield code="a">sn 87057076 </subfield></datafield><datafield ind1=" " ind2=" " tag="040"><subfield code="a">INP</subfield><subfield code="b">eng</subfield><subfield code="c">INP</subfield><subfield code="d">OCLCQ</subfield></datafield><datafield ind1=" " ind2=" " tag="042"><subfield code="a">msc</subfield></datafield><datafield ind1="0" ind2=" " tag="130"><subfield code="a">Osceola sentinel (Osceola, Iowa : 1890)</subfield></datafield><datafield ind1="1" ind2="0" tag="245"><subfield code="a">Osceola sentinel.</subfield></datafield><datafield ind1="3" ind2="0" tag="246"><subfield code="a">Osceola weekly sentinel</subfield></datafield><datafield ind1="1" ind2="7" tag="246"><subfield code="a">Sentinel</subfield><subfield code="f">&lt;June 20, 1940-Sept. 15, 1966&gt;</subfield></datafield><datafield ind1=" " ind2=" " tag="260"><subfield code="a">Osceola, Iowa :</subfield><subfield code="b">Agnew &amp; White,</subfield><subfield code="c">-1983.</subfield></datafield><datafield ind1=" " ind2=" " tag="300"><subfield code="a">v. :</subfield><subfield code="b">ill.</subfield></datafield><datafield ind1=" " ind2=" " tag="310"><subfield code="a">Weekly</subfield></datafield><datafield ind1="0" ind2=" " tag="362"><subfield code="a">-124th year, no. 3 (Jan. 20, 1983).</subfield></datafield><datafield ind1=" " ind2=" " tag="500"><subfield code="a">"Weekly" appears within title ornament, &lt;Jan. 9, 1890&gt;-Apr. 13, 1899.</subfield></datafield><datafield ind1=" " ind2=" " tag="500"><subfield code="a">Publisher varies.</subfield></datafield><datafield ind1=" " ind2=" " tag="588"><subfield code="a">Description based on: Vol. 31, no. 2 (Jan. 9, 1890).</subfield></datafield><datafield ind1=" " ind2=" " tag="752"><subfield code="a">United States</subfield><subfield code="b">Iowa</subfield><subfield code="c">Clarke</subfield><subfield code="d">Osceola.</subfield></datafield><datafield ind1="0" ind2="0" tag="780"><subfield code="t">Weekly Osceola sentinel</subfield><subfield code="w">(DLC)sn 87057074</subfield></datafield><datafield ind1="0" ind2="7" tag="785"><subfield code="t">Osceola tribune</subfield><subfield code="w">(DLC)sn 87057077</subfield></datafield><datafield ind1="0" ind2="7" tag="785"><subfield code="t">Osceola sentinel-tribune</subfield><subfield code="w">(DLC)sn 83000521</subfield></datafield></record>